
@inproceedings{DierkesEtAl2018,
 author = {K. Dierkes and M. Kassner and A. Bulling},
 title = {A Novel Approach to Single Camera, Glint-free 3D Eye Model Fitting Including Corneal Refraction},
 booktitle = {Proceedings of the 2018 ACM Symposium on Eye Tracking Research \& Applications},
 series = {ETRA '18},
 year = {2018},
 isbn = {978-1-4503-5706-7},
 location = {Warsaw, Poland},
 pages = {9:1--9:9},
 articleno = {9},
 numpages = {9},
 url = {http://doi.acm.org/10.1145/3204493.3204525},
 doi = {10.1145/3204493.3204525},
 acmid = {3204525},
 publisher = {ACM},
 address = {New York, NY, USA}
} 


@article{GuestrinEizenman2006, 
author={E. D. Guestrin and M. Eizenman}, 
journal={IEEE Transactions on Biomedical Engineering}, 
title={General theory of remote gaze
estimation using the pupil center and corneal reflections}, 
year={2006}, 
volume={53}, 
number={}, 
pages={1124--1133},  
ISSN={}, 
month={June},}

@article{YoungSheena1975, 
author={L. R. Young and D. Sheena}, 
journal={Behav. Res. Meth. Instrum}, 
title={Methods and designs—survey of eye movement recording methods}, 
year={1975}, 
volume={7}, 
number={5}, 
pages={397--429},  
ISSN={}, 
month={}
}

@book{Gross2008,
    author    = {H. Gross and F. Blechinger and A. Achtner},
    title     = {Handbook of Optical Systems: Vol. 4 Survey of Optical Instruments},
    year      = {2008},
    editor = {H. Gross},
    publisher = {Wiley-VCH Verlag GmbH \& Co.},
    address   = {KGaA, Weinheim}
}


@inproceedings{SwirskiDodgson2013,
 author = {L. {\'S}wirski and N. A. Dodgson},
 title = {A Fully-Automatic, Temporal Approach to
Single Camera, Glint-Free 3D Eye Model Fitting},
 booktitle = { },
 series = {ECEM},
 year = {2013},
 isbn = {},
 location = {},
 pages = {},
 articleno = {},
 numpages = {},
 url = {},
 doi = {},
 acmid = {},
 publisher = {},
 address = {}
} 

@article{opencv_library,
    author = {Bradski, G.},
    citeulike-article-id = {2236121},
    journal = {Dr. Dobb's Journal of Software Tools},
    keywords = {bibtex-import},
    posted-at = {2008-01-15 19:21:54},
    priority = {4},
    title = {{The OpenCV Library}},
    year = {2000}
}

@article{tonsen2017invisibleeye,
  title={InvisibleEye: Mobile Eye Tracking Using Multiple Low-Resolution Cameras and Learning-Based Gaze Estimation},
  author={Tonsen, Marc and Steil, Julian and Sugano, Yusuke and Bulling, Andreas},
  journal={Proceedings of the ACM on Interactive, Mobile, Wearable and Ubiquitous Technologies},
  volume={1},
  number={3},
  pages={106},
  year={2017},
  publisher={ACM}
}


@article{LaiEtAl2015,
    author = {C. Lai and S. Shih and Y. Hung},
    citeulike-article-id = {},
    journal = {IEEE Trans. Circ. Syst. Video Tech.},
    year={2015}, 
	volume={25}, 
	number={1}, 
	pages={24--37},
    priority = {4},
    title = {Hybrid Method for 3-D Gaze Tracking Using Glint and Contour Features}
}

@article{HansenJi2010,
    author = {D. Hansen and Q. Ji},
    journal = {IEEE Trans. Pattern Anal. Mach. Intell.},
	volume={32}, 
	number={3}, 
	pages={478--500},
    title = {In the eye of the beholder: A survey of models for eyes and gaze},
    year = {2010}
}

@article{LuEtAl2016,
    author = {F. Lu and Y. Gao and X. Chen},
    journal = {IEEE Trans. Multimedia},
	volume={18}, 
	number={9}, 
	pages={1772–-1782},
    title = {Estimating 3D gaze directions using unlabeled eye images via synthetic iris appearance fitting},
    year = {2016}
}

@article{VillanuevaCabeza2008,
    author = {A. Villanueva and R. Cabeza},
    journal = {IEEE Trans. Biomed. Eng.},
	volume={55}, 
	number={12}, 
	pages={2812--2822},
    title = {Evaluation of corneal refraction in a model of a gaze tracking system},
    year = {2008}
}

@inproceedings{dierkes18_etra,
title = {A novel approach to single camera, glint-free 3D eye model fitting including corneal refraction},
author = {Kai Dierkes and Moritz Kassner and Andreas Bulling},
year = {2018},
booktitle = {Proc. International Symposium on Eye Tracking Research and Applications (ETRA)},
pages = {9:1-9:9},
keywords = {}
}
